<record><leader>00000cas a22000007a 4500</leader><controlfield tag="001">25691183</controlfield><controlfield tag="008">920422d19121912wyuwr ne      0    0eng d</controlfield><controlfield tag="009">14262</controlfield><datafield ind1=" " ind2=" " tag="010"><subfield code="a">sn 92066993 </subfield></datafield><datafield ind1=" " ind2=" " tag="040"><subfield code="a">NVO</subfield><subfield code="b">eng</subfield><subfield code="c">NVO</subfield><subfield code="d">OCLCQ</subfield></datafield><datafield ind1="1" ind2=" " tag="029"><subfield code="a">AU@</subfield><subfield code="b">000020701738</subfield></datafield><datafield ind1=" " ind2=" " tag="042"><subfield code="a">msc</subfield></datafield><datafield ind1="0" ind2=" " tag="130"><subfield code="a">Laramie semi-weekly boomerang (Laramie, Wyo. : 1912)</subfield></datafield><datafield ind1="0" ind2="0" tag="245"><subfield code="a">Laramie semi-weekly boomerang.</subfield></datafield><datafield ind1="1" ind2="3" tag="246"><subfield code="a">Semi-weekly boomerang</subfield></datafield><datafield ind1="1" ind2="3" tag="246"><subfield code="a">Laramie boomerang</subfield></datafield><datafield ind1=" " ind2=" " tag="260"><subfield code="a">Laramie, Wyo. :</subfield><subfield code="b">Boomerang Print. Co.</subfield></datafield><datafield ind1=" " ind2=" " tag="300"><subfield code="a">v.</subfield></datafield><datafield ind1=" " ind2=" " tag="310"><subfield code="a">Weekly (on Monday)</subfield></datafield><datafield ind1="0" ind2=" " tag="362"><subfield code="a">Jan. 8, 1912-Oct. 21, 1912.</subfield></datafield><datafield ind1=" " ind2=" " tag="515"><subfield code="a">Apr. 1, 1912-Oct. 21, 1912 called: v. 32, no. 5-v. 32, no. 63.</subfield></datafield><datafield ind1=" " ind2=" " tag="580"><subfield code="a">Weekly ed. published on Thursdays.</subfield></datafield><datafield ind1=" " ind2=" " tag="580"><subfield code="a">Daily ed.: Laramie daily boomerang, Feb. 7, 1910-Oct. 26, 1912.</subfield></datafield><datafield ind1=" " ind2=" " tag="580"><subfield code="a">Weekly ed.: Weekly boomerang, &lt;Sept. 24,&gt; 1881-Oct. 24, 1912.</subfield></datafield><datafield ind1=" " ind2="4" tag="651"><subfield code="a">Laramie (Wyo.)</subfield><subfield code="v">Newspapers.</subfield></datafield><datafield ind1=" " ind2="4" tag="651"><subfield code="a">Albany County (Wyo.)</subfield><subfield code="v">Newspapers.</subfield></datafield><datafield ind1=" " ind2=" " tag="752"><subfield code="a">United States</subfield><subfield code="b">Wyoming</subfield><subfield code="c">Albany</subfield><subfield code="d">Laramie.</subfield></datafield><datafield ind1="1" ind2=" " tag="775"><subfield code="t">Weekly boomerang (Laramie, Wyo. : 1881)</subfield><subfield code="w">(DLC)sn 87068362</subfield></datafield><datafield ind1="1" ind2=" " tag="775"><subfield code="t">Laramie daily boomerang (Laramie, Wyo. : 1910)</subfield><subfield code="w">(DLC)sn 86072182</subfield></datafield><datafield ind1="0" ind2="0" tag="780"><subfield code="t">Semi-weekly boomerang (Laramie, Wyo. : 1894)</subfield><subfield code="w">(DLC)sn 92066985</subfield></datafield><datafield ind1="0" ind2="0" tag="785"><subfield code="t">Laramie boomerang (Laramie, Wyo. : 1912 : Semiweekly)</subfield><subfield code="w">(DLC)sn 92066994</subfield></datafield></record>